@article{pigozzi2017multiagent,
  title={Multiagent deontic logic and its challenges from a normative systems perspective},
  author={Pigozzi, Gabriella and van der Torre, Leon},
  journal={IfCoLog Journal of Logics and Their Applications},
  pages={2929--2993},
  year={2017}
}
@article{von1951deontic,
	title={Deontic logic},
	author={Von Wright, Georg Henrik},
	journal={Mind},
	volume={60},
	number={237},
	pages={1--15},
	year={1951},
	publisher={JSTOR}
}