@book{Boehm81,
  title     = {Software Engineering Economics},
  publisher = {Prentice Hall},
  year      = {1981},
  author    = {Barry W. Boehm},
  address   = {Englewood Cliffs, NJ}
}

@article{Vasilevski73,
   author    = {{M.\,P.} Vasilevski},
   title     = {Failure Diagnosis of Automata},
   journal   = {Cybernetic},
   pages     = {653--665},
   year      = {1973},
   volume    = {9},
   number    = {4},
   publisher = {Plenum Publishing Corporation, New York},
}

@book{BertotC04,
  author     = {Yves Bertot and Pierre Cast\'eran},
  title      = {Interactive Theorem Proving and Program Development. Coq'Art: The Calculus of Inductive Constructions},
  series     = {Texts in Theoretical Computer Science},
  year       = {2004},
  publisher  = {Springer Verlag}
}

@techreport{LeuckerBS08TR,
  author     = {Andreas Bauer and
               Martin Leucker and
               Christian Schallhart },
  title      = {The good, the bad, and the ugly---but how ugly is ugly?},
  institution = {TU M{\"u}nchen},
  year       = {2008},
  number     = {TUM-I0803},
  url        = {http://wwwmayr.informatik.tu-muenchen.de:8080/techrep/advanced.search?dist0=0&submit=Suchen&where0=citkey&what0=%22TUM-I0803%22}
}

@techreport{CrowR94,
  author     = {J. Crow and J. Rushby},
  title      = {Model-Based Reconfiguration: Diagnosis and Recovery},
  institution = {{NASA} Langley Research Center},
  year       = {1994},
  type       = {{NASA} Contractor Report},
  number     = {4596}
}


@inproceedings{DBLP:conf/dagstuhl/PretschnerL04,
  author    = {Alexander Pretschner and
               Martin Leucker},
  title     = {Model-Based Testing -- A Glossary},
  booktitle = {Model-Based Testing of Reactive Systems},
  year      = {2004},
  pages     = {607-609}
}

@book{DBLP:books/daglib/0007403,
  author    = {Edmund M. Clarke and
               Orna Grumberg and
               Doron Peled},
  title     = {Model checking},
  publisher = {MIT Press},
  year      = {2001},
  isbn      = {978-0-262-03270-4}
}

@inproceedings{DBLP:conf/lics/VardiW86,
  author    = {Moshe Y. Vardi and
               Pierre Wolper},
  title     = {An Automata-Theoretic Approach to Automatic Program Verification
               (Preliminary Report)},
  booktitle = {LICS},
  year      = {1986},
  pages     = {332-344}
}

@article{DBLP:journals/ac/BiereCCSZ03,
  author    = {Armin Biere and
               Alessandro Cimatti and
               Edmund M. Clarke and
               Ofer Strichman and
               Yunshan Zhu},
  title     = {Bounded model checking},
  journal   = {Advances in Computers},
  volume    = {58},
  year      = {2003},
  pages     = {117--148}
}

@article{DBLP:journals/tse/Chow78,
  author    = {Tsun S. Chow},
  title     = {Testing Software Design Modeled by Finite-State Machines},
  journal   = {IEEE Trans. Software Eng.},
  volume    = {4},
  number    = {3},
  year      = {1978},
  pages     = {178--187}
}

@article{DBLP:journals/computer/HincheyS06,
  author    = {Michael G. Hinchey and
               Roy Sterritt},
  title     = {Self-Managing Software},
  journal   = {IEEE Computer},
  volume    = {39},
  number    = {2},
  year      = {2006},
  pages     = {107--109}
}

@inproceedings{DBLP:conf/tapsoft/Pratt95,
  author    = {Vaughan R. Pratt},
  title     = {Anatomy of the Pentium Bug},
  booktitle = {TAPSOFT},
  year      = {1995},
  pages     = {97--107},
  ee        = {http://dx.doi.org/10.1007/3-540-59293-8_189}
}

@article{DBLP:journals/tse/DelgadoGR04,
  author    = {Nelly Delgado and
               Ann Q. Gates and
               Steve Roach},
  title     = {A Taxonomy and Catalog of Runtime Software-Fault Monitoring
               Tools},
  journal   = {IEEE Trans. Software Eng.},
  volume    = {30},
  number    = {12},
  year      = {2004},
  pages     = {859--872}
}

@book{DBLP:books/daglib/0012071,
  author    = {Glenford J. Myers},
  title     = {The art of software testing (2. ed.)},
  publisher = {Wiley},
  year      = {2004},
  isbn      = {978-0-471-46912-4}
}

@proceedings{DBLP:conf/dagstuhl/2004test,
  editor    = {Manfred Broy and
               Bengt Jonsson and
               Joost-Pieter Katoen and
               Martin Leucker and
               Alexander Pretschner},
  title     = {Model-Based Testing of Reactive Systems, Advanced Lectures
               [The volume is the outcome of a research seminar that was
               held in Schloss Dagstuhl in January 2004]},
  booktitle = {Model-Based Testing of Reactive Systems},
  publisher = {Springer},
  series    = {Lecture Notes in Computer Science},
  volume    = {3472},
  year      = {2005},
  isbn      = {3-540-26278-4}
}

@article{DBLP:journals/jacm/SistlaC85,
  author    = {A. Prasad Sistla and
               Edmund M. Clarke},
  title     = {The Complexity of Propositional Linear Temporal Logics},
  journal   = {J. ACM},
  volume    = {32},
  number    = {3},
  year      = {1985},
  pages     = {733--749}
}

@book{DBLP:books/aw/HopcroftU79,
  author    = {John E. Hopcroft and
               Jeffrey D. Ullman},
  title     = {Introduction to Automata Theory, Languages and Computation},
  publisher = {Addison-Wesley},
  year      = {1979},
  isbn      = {0-201-02988-X}
}

@inproceedings{DBLP:conf/focs/Pnueli77,
  author    = {Amir Pnueli},
  title     = {The Temporal Logic of Programs},
  booktitle = {FOCS},
  year      = {1977},
  pages     = {46--57}
}

@inproceedings{DBLP:conf/time/DAngeloSSRFSMM05,
  author    = {Ben D'Angelo and
               Sriram Sankaranarayanan and
               C{\'e}sar S{\'a}nchez and
               Will Robinson and
               Bernd Finkbeiner and
               Henny B. Sipma and
               Sandeep Mehrotra and
               Zohar Manna},
  title     = {LOLA: Runtime Monitoring of Synchronous Systems},
  booktitle = {TIME},
  year      = {2005}
}

@inproceedings{DBLP:conf/aswec/0002LS06,
  author    = {Andreas Bauer and
               Martin Leucker and
               Christian Schallhart},
  title     = {Model-based runtime analysis of distributed reactive systems},
  booktitle = {ASWEC},
  year      = {2006},
  pages     = {243--252}
}

@inproceedings{DBLP:conf/oopsla/ChenR07,
  author    = {Feng Chen and
               Grigore Rosu},
  title     = {Mop: an efficient and generic runtime verification framework},
  booktitle = {OOPSLA},
  year      = {2007},
  pages     = {569--588}
}

@inproceedings{DBLP:conf/icse/DwyerAC99,
  author    = {Matthew B. Dwyer and
               George S. Avrunin and
               James C. Corbett},
  title     = {Patterns in Property Specifications for Finite-State Verification},
  booktitle = {ICSE},
  year      = {1999},
  pages     = {411-420}
}

@inproceedings{DBLP:conf/ictac/LeuckerS07,
  author    = {Martin Leucker and
               C{\'e}sar S{\'a}nchez},
  title     = {Regular Linear Temporal Logic},
  booktitle = {ICTAC},
  year      = {2007},
  pages     = {291-305}
}

@inproceedings{DBLP:conf/vmcai/SanchezL10,
  author    = {C{\'e}sar S{\'a}nchez and
               Martin Leucker},
  title     = {Regular Linear Temporal Logic with Past},
  booktitle = {VMCAI},
  year      = {2010},
  pages     = {295-311}
}

@inproceedings{DBLP:conf/time/SanchezS12,
  author    = {C{\'e}sar S{\'a}nchez and
               Juli{\'a}n Samborski-Forlese},
  title     = {Efficient Regular Linear Temporal Logic Using Dualization
               and Stratification},
  booktitle = {TIME},
  year      = {2012},
  pages     = {13-20}
}

@inproceedings{DBLP:dblp_journals/siamcomp/Tarjan72,
   author   = {Robert Endre Tarjan},
   title    = {Depth-First Search and Linear Graph Algorithms.},
   journal  = {SIAM J. Comput.},
   year     = {1972},
   pages    = {146-160}
}

@inproceedings{DBLP:conf/tacas/SchwoonE05,
  author    = {Stefan Schwoon and
               Javier Esparza},
  title     = {A Note on On-the-Fly Verification Algorithms},
  booktitle = {TACAS},
  year      = {2005},
  pages     = {174-190}
}

@article{bucni1962decision,
  title={On a decision method in restricted second order arithmetic logic},
  author={B{\"u}cni, JR},
  journal={Proc. 1962 Internat. Congr. on Methodology and Philosophy of Sciences},
  year={1962},
  publisher={Stanford University Press Stanford, CA}
}

@article{vardi1996automata,
  title={An automata-theoretic approach to linear temporal logic},
  author={Vardi, Moshe},
  journal={Logics for concurrency},
  pages={238--266},
  year={1996},
  publisher={Springer}
}

@article{brzozowski1980equations,
  title={On equations for regular languages, finite automata, and sequential networks},
  author={Brzozowski, Janusz A. and Leiss, Ernst},
  journal={Theoretical Computer Science},
  volume={10},
  number={1},
  pages={19--35},
  year={1980},
  publisher={Elsevier}
}

@article{chandra1981alternation,
  author    = {A.K. Chandra and
               D.C. Kozen and
               L.J. Stockmeyer},
  title     = {Alternation},
  journal   = {ACM},
  volume    = {28},
  year      = {1981},
  pages     = {114--133}
}

@incollection{Thomas:1991:AIO:114891.114895,
 author = {Thomas, Wolfgang},
 chapter = {Automata on Infinite Objects},
 title = {Handbook of Theoretical Computer Science (Vol. B)},
 editor = {van Leeuwen, Jan},
 year = {1990},
 isbn = {0-444-88074-7},
 pages = {133--191},
 numpages = {59},
 url = {http://dl.acm.org/citation.cfm?id=114891.114895},
 acmid = {114895},
 publisher = {MIT Press},
 address = {Cambridge, MA, USA},
}

@article{miyano1984alternating,
  title={Alternating finite automata on $\omega$-words},
  author={Miyano, Satoru and Hayashi, Takeshi},
  journal={Theoretical Computer Science},
  volume={32},
  number={3},
  pages={321--330},
  year={1984},
  publisher={Elsevier}
}

@InProceedings{LoedingThomas00,
  author =        "C. L{\"o}ding and W. Thomas",
  title =         "Alternating Automata and Logics over Infinite Words",
  booktitle =     "Proceedings of the IFIP International Conference on Theoretical Computer Science, IFIP TCS2000",
  pages =         "521-535",
  year =          2000,
  volume =        "1872",
  series =        "Lecture Notes in Computer Science",
  month =         aug,
  publisher = "Springer",
  url =       "http://www-i7.informatik.rwth-aachen.de/~loeding/ifiptcs2000.ps.gz",
}

@article{kupferman2001module,
  title={Module checking},
  author={Kupferman, Orna and Vardi, Moshe Y and Wolper, Pierre},
  journal={Information and Computation},
  volume={164},
  number={2},
  pages={322--344},
  year={2001},
  publisher={Elsevier}
}

@book{gibbons1985algorithmic,
  title={Algorithmic graph theory},
  author={Gibbons, Alan},
  year={1985},
  publisher={Cambridge University Press}
}
